@Book{rybicka,
author = "Rybička, Jiří",
title = "{{\LaTeX}} pro začátečníky",
publisher = "Konvoj",
year = "2003",
edition = "3",
address = "Brno",
isbn = "80--7302--049--1",
}

@Book{latex-beginners-guide,
author = "Kottwitz, Stefan",
title = "{{\LaTeX}} Beginner's Guide",
publisher = "Packt Publishing",
year = "2011",
edition = "2",
isbn = "978-1847199867",
}





@MasterThesis{diplomka1,
author = "Adamec, Matúš",
title =  "Automatizované nastavení regulátoru pohonu",
school =  "VUT FEKT v~Brně",
year = "2016",
address = "Brno"
}

@MasterThesis{diplomka2,
author = "Árva, Gábor",
title =  "Embedded zpracování videa pro dohledový systém",
school =  "VUT FEKT v~Brně",
year = "2016",
address = "Brno"
}





@InProceedings{sbornik,
author    = "Syropulos, Apostolos and Berry, Karl and others",
title     =  "Tex, XML, and Digital Typography",
booktitle =  "International Conference on TeX, XML, and Digital Typography Held Jointly with the 25th Annual Meeting of the TeX User Group",
publisher = "Springer-Verlag",
address   = "Berlin",
year      = "2004",
isbn      = "978-3-540-27773-6",
}





@Article{
science1,
author  = "Pagano, A. M.",
title   = "High-energy, high-fat lifestyle challenges an Arctic apex predator, the polar bear",
journal = "Science",
year    = "2018",
number  = "2",
pages   = "568--572",
issn    = "0036-8075",
}

@Article{
science2,
author = "Bagla, Pallava",
title = "India plans to land near moon's south pole",
journal = "Science",
year = "2018",
number = "2",
pages = "503--504",
issn = "0036-8075",
}






@Misc{
dokument1,
author = "Oetiker, Tobias",
title = "The Not So Short Introduction to LATEX 2",
howpublished = "online",
revised = "Poslední změna 26. březen 2018",
url = "http://tobi.oetiker.ch/lshort/lshort.pdf",
cited = "!2012-04-16"
}

@Misc{
dokument2,
author = "Voß*, Herbert",
title = "Math mode",
revised = "Poslední změna 30. leden 2014",
howpublished = "online",
cited = "!2018-04-16",
url = "http://tug.ctan.org/obsolete/info/math/voss/mathmode/Mathmode.pdf",
}

@Misc{
dokument3,
author = "Vellage, Claudio",
title = "A simple guide to LaTeX - Step by Step",
howpublished = "online",
revised = "Poslední změna 6. října, 2017",
cited = "!2018-04-16",
url = "https://www.latex-tutorial.com/tutorials/",
}

